@ONLINE{Acklam:2003:MAM,
  title = {{MATLAB} array manipulation tips and tricks},
  author = {Acklam, Peter J.},
  month = oct,
  year = {2003},
  url = {http://home.online.no/~pjacklam/matlab/doc/mtt/}
}

@MANUAL{Getreuer:2004:WFM,
  title = {Writing Fast {MATLAB} Code},
  author = {Getreuer, Pascal},
  year = {2009},
  url = {http://www.mathworks.com/matlabcentral/fileexchange/5685}
}

@ONLINE{Hull:2006:CCM,
  title = {Cleaner code in {MATLAB}},
  author = {Hull, Doug},
  lastchecked = {25.01.2009},
  year = {2006},
  url = {http://blogs.mathworks.com/pick/2006/12/13/cleaner-code-in-matlab-part-1-of-series/}
}

@ONLINE{Johnson:2002:MPS,
  title = {{MATLAB} Programming Style Guidelines},
  author = {Johnson, Richard},
  month = oct,
  year = {2002},
  url = {http://www.mathworks.com/matlabcentral/fileexchange/2529}
}

@ONLINE{Moler:2008:EM,
  title = {Experiments with {MATLAB}},
  author = {Moler, Cleve},
  month = apr,
  year = {2008},
  url = {http://www.mathworks.com/moler/exm/chapters.html}
}

@ONLINE{Moler:2004:NCM,
  title = {Numerical Computing with {MATLAB}},
  author = {Moler, Cleve},
  year = {2004},
  url = {http://www.mathworks.com/moler/chapters.html}
}

@ONLINE{Mathworks:2009:CVG,
  title = {Code Vectorization Guide},
  key = {Mathworks},
  year = {2009},
  url = {http://www.mathworks.com/support/tech-notes/1100/1109.shtml}
}

@ONLINE{Mathworks:2001:MIM,
  title = {Matrix Indexing in {MATLAB\textsuperscript{\textregistered}}},
  key = {Mathworks},
  month = sep,
  year = {2001},
  url = {http://www.mathworks.com/company/newsletters/digest/sept01/matrix.html}
}

@ONLINE{Shoelson:2011:GMC,
  title = {Good {MATLAB} Coding Practices},
  author = {Shoelson, Brett},
  month = jan,
  year = {2011},
  url = {http://blogs.mathworks.com/pick/2011/01/14/good-matlab-coding-practices/}
}
